%% This BibTeX bibliography file was created using BibDesk.
%% http://bibdesk.sourceforge.net/


%% Saved with string encoding Unicode (UTF-8) 



@book{Cormen94,
	Author = {Thomas H. Cormen and Collaborators},
	Date-Added = {2010-11-30 12:14:59 -0300},
	Date-Modified = {2010-11-30 12:25:26 -0300},
	Keywords = {NP-completeness},
	Publisher = {The MIT press, chapter 36, pages 916-964},
	Title = {Introduction to Algorithms},
	Year = {1994}}

@article{ipv4_header,
	Author = {mlamson.files.wordpress.com},
	Date-Added = {2010-11-28 22:24:31 -0300},
	Date-Modified = {2010-11-28 23:14:29 -0300},
	Note = {http://mlamson.files.wordpress.com/2008/09/ip4headerfields.jpg, acessado em 28/11/2010},
	Read = {No},
	Title = {Imagem do Cabe{\c c}alho ipv4},
	Year = {2008},
	Bdsk-Url-1 = {http://mlamson.files.wordpress.com/2008/09/ip4headerfields.jpg}}

@webpage{Faixasdefrequenciabrasil,
	Author = {Comite de regulariza{\c c}{\~o}es da ANATEL},
	Date-Added = {2010-11-28 21:55:23 -0300},
	Date-Modified = {2010-11-28 23:05:04 -0300},
	Keywords = {divisao_do_espectro},
	Lastchecked = {28/11/2010},
	Month = {January},
	Note = {http://wiki.sj.cefetsc.edu.br/wiki/images/7/7c/Espectro2.jpg, 28/11/2010},
	Rating = {0},
	Read = {No},
	Title = {Divis{\~a}o das Faixas de Frequ{\^e}ncia no Brasil},
	Year = {2004},
	Bdsk-Url-1 = {http://wiki.sj.cefetsc.edu.br/wiki/images/7/7c/Espectro2.jpg}}

@book{Kurose2005,
	Author = {James F. Kurose, Keith W. Ross},
	Publisher = {Pearson - Addison Wesley, chapter 6},
	Title = {Redes de Computadores e a Internet},
	Year = {2005}}

@book{Stevens94,
	Author = {W. Richard Stevens},
	Publisher = {US ed, chapters 1, 3},
	Title = {TCP/IP Illustrated, Volume 1},
	Year = {1994}}

@book{Tanenbaum03,
	Author = {Andrew S. Tanenbaum},
	Publisher = {Campus, chapter 4},
	Title = {Redes de Computadores},
	Year = {2003}}

@book{IEEE802_11,
	Address = {New York, NY 10016-5997, USA},
	Author = {IEEE},
	Date-Modified = {2010-11-28 22:15:32 -0300},
	Note = {URL: \url{http://standards.ieee.org/getieee802/download/802.11-2007.pdf}, Novembro/2010},
	Publisher = {IEEE Transaction on Communications},
	Title = {IEEE 802.11: Wireless LAN Medium Access Control (MAC) and Physical Layer (PHY) Specifications},
	Year = {2007}}

@book{IEEE802_15,
	Author = {IEEE},
	Date-Modified = {2010-11-28 22:15:37 -0300},
	Note = {URL: \url{http://standards.ieee.org/getieee802/802.15.html}, Novembro/2010},
	Publisher = {IEEE Transaction on Communications},
	Title = {IEEE 802.15: Wireless Personal Area NetWorks},
	Year = {2007}}

@book{Zimmermann80,
	Author = {H. Zimmermann},
	Publisher = {IEEE Transaction on Communications, volume 28, pages 425-432},
	Title = {The ISO OSI reference model - The ISO model of architecture for open systems interconnection},
	Year = {1980}}

@book{Mohapatra05,
	Author = {Prasant Mohapatra and Srikanth V. Krishnamurthy},
	Publisher = {Springer Sciente + Business Media, Inc. Chapter 3, pages 63-85},
	Title = {AD HOC NETWORKS - Technologies and Protocols},
	Year = {2005}}

@book{Qayyum02,
	Author = {A. Qayyum and Collaborators},
	Publisher = {Proceedings of the 35th Annual Hawaii International Conference on System Sciences, pages 3898--3907},
	Title = {Multipoint Relaying for Flooding Broadcast Messages in Mobile Wireless Networks},
	Year = {2002}}

@book{Perkins94,
	Author = {C. E. Perkins and P. Bhagwat},
	Publisher = {Proceedings of ACM SIGCOMM, pages 234--244},
	Title = {Highly Dynamic Destination-Sequenced Distance-Vector Routing (DSDV) for Mobile Computers},
	Year = {1994}}

@book{Murthy96,
	Author = {S. Murthy and J. J. Garcia-Luna-Aceves},
	Publisher = {ACM/Baltzer Mobile Networks and Applications, 183--197},
	Title = {An Efficient Routing Protocol for Wireless Networks},
	Year = {1996}}

@book{Clausen03,
	Author = {T. Clausen and Collaborators},
	Note = {URL: \url{http://www.ietf.org/rfc/rfc3626.txt}, Novembro/2010},
	Publisher = {IETF Network Working Group},
	Title = {Optimized Link State Routing Protocol},
	Year = {2003}}

@book{Ogier04,
	Author = {R. Ogier and Collaborators},
	Note = {URL: \url{http://www.ietf.org/rfc/rfc3684.txt}, Novembro/2010},
	Publisher = {IETF Network Working Group},
	Title = {Topology Dissemination Based on Reverse-Path Forwarding (TBRPF)},
	Year = {2004}}

@book{Johnson96,
	Author = {D. Johnson and D. Maltz},
	Publisher = {T. Imielinski and H. Korth, editors, Mobile computing, chapter 5},
	Title = {Dynamic Source Routing in Ad Hoc Wireless Networks},
	Year = {1996}}

@book{Perkins99,
	Author = {C. E. Perkins and E. M. Royer},
	Publisher = {IEEE Workshop on Mobile Computing Systems and Applications (WMCSA), pages 90--100},
	Title = {Ad Hoc On-Demand Distance Vector Routing},
	Year = {1999}}

@book{Park97,
	Author = {V.D.Park and M.S.Corson},
	Publisher = {IEEE Infocom, pages 1405--1413},
	Title = {AHighlyAdaptiveDistributedRoutingAl- gorithm for Mobile Wireless Networks},
	Year = {1997}}

@book{Krishna09,
	Address = {Philips Research USA},
	Author = {T. Vamsi Krishna and Amitabha Das},
	Date-Modified = {2010-11-28 22:19:27 -0300},
	Publisher = {IEEE Transaction on Communications},
	Title = {A survey on MAC protocols in OSA networks},
	Year = {2009}}

@book{Cordeiro04,
	Address = {Briarcliff Manor, NY 10510},
	Author = {Carlos Cordeiro and Collaborators},
	Publisher = {Elsevier},
	Title = {IEEE 802.22: The First Worldwide Wireless Standard based on Cognitive Radios},
	Year = {2004}}

@book{Stevenson09,
	Address = {Communications Research Centre, Canada},
	Author = {Carl R. Stevenson and Collaborators},
	Publisher = {IEEE STANDARDS IN COMMUNICATIONS AND NETWORKING},
	Title = {IEEE 802.22: The First Cognitive Radio Wireless Regional Area Network Standard},
	Year = {2009}}

@book{Jung08,
	Address = {University of California, USA},
	Author = {Eric Jung and Xin Liu},
	Date-Modified = {2010-11-28 22:22:07 -0300},
	Publisher = {IEEE Transaction on Communications},
	Title = {Opportunistic Spectrum Access in Heterogeneous User Environments},
	Year = {2008}}

@book{Bae09,
	Address = {Northwestern University, Evanston, IL 60202},
	Author = {Junjik Bae and Collaborators},
	Date-Modified = {2010-11-28 22:18:04 -0300},
	Publisher = {IEEE Transaction on Communications},
	Title = {Incentives and Resource Sharing in Spectrum Commons},
	Year = {2008}}
